% This file was created with JabRef 2.7.1.
% Encoding: UTF8

@ARTICLE{balamurugan2003thermal,
  author = {Balamurugan, S and Mendez, Sergio and Balamurugan, Sreelatha S and
	O'Brie, Michael J and L{\'o}pez, Gabriel P},
  title = {Thermal response of poly (N-isopropylacrylamide) brushes probed by
	surface plasmon resonance},
  journal = {Langmuir},
  year = {2003},
  volume = {19},
  pages = {2545--2549},
  number = {7},
  publisher = {ACS Publications}
}

@ARTICLE{barshilia2014superhydrophobic,
  author = {Barshilia, Harish C and Gupta, Nitant},
  title = {Superhydrophobic polytetrafluoroethylene surfaces with leaf-like
	micro-protrusions through Ar+ O 2 plasma etching process},
  journal = {Vacuum},
  year = {2014},
  volume = {99},
  pages = {42--48},
  publisher = {Elsevier}
}

@ARTICLE{barshilia2012nanometric,
  author = {Barshilia, Harish C and John, Siju and Mahajan, Vishal},
  title = {Nanometric multi-scale rough, transparent and anti-reflective ZnO
	superhydrophobic coatings on high temperature solar absorber surfaces},
  journal = {Solar Energy Materials and Solar Cells},
  year = {2012},
  volume = {107},
  pages = {219--224},
  publisher = {Elsevier}
}

@ARTICLE{becker2014contact,
  author = {Becker, Stefan and Urbassek, Herbert M and Horsch, Martin and Hasse,
	Hans},
  title = {Contact angle of sessile drops in Lennard-Jones systems},
  journal = {Langmuir},
  year = {2014},
  volume = {30},
  pages = {13606--13614},
  number = {45},
  publisher = {ACS Publications}
}

@ARTICLE{berim2011universality,
  author = {Berim, GO and Ruckenstein, E},
  title = {Universality in the dependence of the drop contact angle on liquid-solid
	interactions and temperature obtained by the density functional theory},
  journal = {The European Physical Journal Special Topics},
  year = {2011},
  volume = {197},
  pages = {163--178},
  number = {1},
  publisher = {Springer}
}

@ARTICLE{bhandary2016molecular,
  author = {Bhandary, Debdip and Benkov{\'a}, Zuzana and Cordeiro, M Nat{\'a}lia
	DS and Singh, Jayant K},
  title = {Molecular dynamics study of wetting behavior of grafted thermo-responsive
	PNIPAAm brushes},
  journal = {Soft matter},
  year = {2016},
  volume = {12},
  pages = {3093--3102},
  number = {12},
  publisher = {Royal Society of Chemistry}
}

@ARTICLE{bonn2001wetting,
  author = {Bonn, Daniel and Ross, David},
  title = {Wetting transitions},
  journal = {Reports on Progress in Physics},
  year = {2001},
  volume = {64},
  pages = {1085},
  number = {9},
  file = {:C\:\\Users\\Kaustubh\\Dropbox\\Research\\Projects\\iitgn\\proposals\\temp_wetting\\literature_repository\\wetting_transitions_review.pdf:PDF},
  publisher = {IOP Publishing}
}

@ARTICLE{braslau1988capillary,
  author = {Braslau, A and Pershan, Peter S and Swislow, G and Ocko, BM and Als-Nielsen,
	J},
  title = {Capillary waves on the surface of simple liquids measured by x-ray
	reflectivity},
  journal = {Physical Review A},
  year = {1988},
  volume = {38},
  pages = {2457},
  number = {5},
  publisher = {APS}
}

@ARTICLE{budziak1991temperature,
  author = {Budziak, CJ and Vargha-Butler, EI and Neumann, AW},
  title = {Temperature dependence of contact angles on elastomers},
  journal = {Journal of applied polymer science},
  year = {1991},
  volume = {42},
  pages = {1959--1964},
  number = {7},
  publisher = {Wiley Online Library}
}

@ARTICLE{cahn1977critical,
  author = {Cahn, John W},
  title = {Critical point wetting},
  journal = {The Journal of Chemical Physics},
  year = {1977},
  volume = {66},
  pages = {3667--3672},
  number = {8},
  owner = {Kaustubh},
  publisher = {AIP Publishing},
  timestamp = {2016.03.14}
}

@ARTICLE{cassie1944wettability,
  author = {Cassie, ABD and Baxter, S},
  title = {Wettability of porous surfaces},
  journal = {Transactions of the Faraday Society},
  year = {1944},
  volume = {40},
  pages = {546--551},
  publisher = {Royal Society of Chemistry}
}

@ARTICLE{Chaliyawala201695,
  author = {Harsh A. Chaliyawala and G. Srinivas and Parthasarathi Bera and Siju
	and Praveen Kumar and Jakeer Khan and Harish C. Barshilia},
  title = {Improved thermal stability, mechanical and tribological properties
	of reactively sputtered Si doped TiAlC nanostructured hard coatings
	},
  journal = {Surface and Coatings Technology },
  year = {2016},
  volume = {288},
  pages = {95 - 104},
  doi = {http://dx.doi.org/10.1016/j.surfcoat.2016.01.019},
  issn = {0257-8972},
  keywords = {Titanium aluminum silicon carbide},
  url = {http://www.sciencedirect.com/science/article/pii/S0257897216300160}
}

@ARTICLE{dutta2011wetting,
  author = {Dutta, Ravi C and Khan, Sandip and Singh, Jayant K},
  title = {Wetting transition of water on graphite and boron-nitride surfaces:
	A molecular dynamics study},
  journal = {Fluid Phase Equilibria},
  year = {2011},
  volume = {302},
  pages = {310--315},
  number = {1},
  publisher = {Elsevier}
}

@ARTICLE{eroshenko2007new,
  author = {Eroshenko, VA and Piatiletov, I and Coiffard, L and Stoudenets, V},
  title = {A new paradigm of mechanical energy dissipation. Part 2: experimental
	investigation and effectiveness of a novel car damper},
  journal = {Proceedings of the Institution of Mechanical Engineers, Part D: Journal
	of Automobile Engineering},
  year = {2007},
  volume = {221},
  pages = {301--312},
  number = {3},
  publisher = {Sage Publications}
}

@ARTICLE{evans2015local,
  author = {Evans, Robert and Stewart, Maria C},
  title = {The local compressibility of liquids near non-adsorbing substrates:
	a useful measure of solvophobicity and hydrophobicity?},
  journal = {Journal of Physics: Condensed Matter},
  year = {2015},
  volume = {27},
  pages = {194111},
  number = {19},
  publisher = {IOP Publishing}
}

@ARTICLE{evans2015quantifying,
  author = {Evans, Robert and Wilding, Nigel B},
  title = {Quantifying density fluctuations in water at a hydrophobic surface:
	evidence for critical drying},
  journal = {Physical review letters},
  year = {2015},
  volume = {115},
  pages = {016103},
  number = {1},
  publisher = {APS}
}

@ARTICLE{fradin2000reduction,
  author = {Fradin, C and Braslau, A and Luzet, D and Smilgies, D and Alba, M
	and Boudet, N and Mecke, K and Daillant, J},
  title = {Reduction in the surface energy of liquid interfaces at short length
	scales},
  journal = {Nature},
  year = {2000},
  volume = {403},
  pages = {871--874},
  number = {6772},
  publisher = {Nature Publishing Group}
}

@BOOK{frenkel2001understanding,
  title = {Understanding molecular simulation: from algorithms to applications},
  publisher = {Academic press},
  year = {2001},
  author = {Frenkel, Daan and Smit, Berend},
  volume = {1}
}

@ARTICLE{grzelak2008computation,
  author = {Grzelak, Eric M and Errington, Jeffrey R},
  title = {Computation of interfacial properties via grand canonical transition
	matrix Monte Carlo simulation},
  journal = {The Journal of chemical physics},
  year = {2008},
  volume = {128},
  pages = {014710},
  number = {1},
  publisher = {AIP Publishing}
}

@ARTICLE{henderson2011discussion,
  author = {Henderson, JR},
  title = {Discussion notes on “Universality in the dependence of the drop contact
	angle on liquid-solid interactions and temperature obtained by the
	density functional theory�?, by GO Berim \& E. Ruckenstein},
  journal = {The European Physical Journal Special Topics},
  year = {2011},
  volume = {197},
  pages = {179--181},
  number = {1},
  publisher = {Springer}
}

@ARTICLE{hess1997nonwetting,
  author = {Hess, GB and Sabatini, MJ and Chan, MHW},
  title = {Nonwetting of cesium by neon near its critical point},
  journal = {Physical review letters},
  year = {1997},
  volume = {78},
  pages = {1739},
  number = {9},
  publisher = {APS}
}

@ARTICLE{horsch2010contact,
  author = {Horsch, Martin and Heitzig, Martina and Dan, Calin and Harting, Jens
	and Hasse, Hans and Vrabec, Jadran},
  title = {Contact Angle Dependence on the Fluid- Wall Dispersive Energy},
  journal = {Langmuir},
  year = {2010},
  volume = {26},
  pages = {10913--10917},
  number = {13},
  publisher = {ACS Publications}
}

@ARTICLE{hofling2015enhanced,
  author = {H{\"o}fling, Felix and Dietrich, Siegfried},
  title = {Enhanced wavelength-dependent surface tension of liquid-vapour interfaces},
  journal = {EPL (Europhysics Letters)},
  year = {2015},
  volume = {109},
  pages = {46002},
  number = {4},
  publisher = {IOP Publishing}
}

@ARTICLE{indekeu1993line,
  author = {Indekeu, JO and Backx, Godelieve and Langie, Greet},
  title = {Line tension near multicritical wetting transitions},
  journal = {Physica A: Statistical Mechanics and its Applications},
  year = {1993},
  volume = {196},
  pages = {335--348},
  number = {3},
  publisher = {Elsevier}
}

@ARTICLE{jensen2003water,
  author = {Jensen, Torben R and Jensen, Morten {\O}stergaard and Reitzel, Niels
	and Balashev, Konstantin and Peters, G{\"u}nther H and Kjaer, Kristian
	and Bj{\o}rnholm, Thomas},
  title = {Water in contact with extended hydrophobic surfaces: direct evidence
	of weak dewetting},
  journal = {Physical review letters},
  year = {2003},
  volume = {90},
  pages = {086101},
  number = {8},
  publisher = {APS}
}

@ARTICLE{kayser1986effect,
  author = {Kayser, RF},
  title = {Effect of capillary waves on surface tension},
  journal = {Physical Review A},
  year = {1986},
  volume = {33},
  pages = {1948},
  number = {3},
  publisher = {APS}
}

@ARTICLE{khan2011surface,
  author = {Khan, Sandip and Singh, Jayant K},
  title = {Surface phase transition of associating fluids on functionalized
	surfaces},
  journal = {The Journal of Physical Chemistry C},
  year = {2011},
  volume = {115},
  pages = {17861--17869},
  number = {36},
  publisher = {ACS Publications}
}

@ARTICLE{kuipers2009wetting,
  author = {Kuipers, Joris and Blokhuis, Edgar M},
  title = {Wetting and drying transitions in mean-field theory: Describing the
	surface parameters for the theory of Nakanishi and Fisher in terms
	of a microscopic model},
  journal = {The Journal of chemical physics},
  year = {2009},
  volume = {131},
  pages = {044702},
  number = {4},
  publisher = {AIP Publishing}
}

@ARTICLE{kumar2011monte,
  author = {Kumar, Vaibhaw and Sridhar, Shyam and Errington, Jeffrey R},
  title = {Monte Carlo simulation strategies for computing the wetting properties
	of fluids at geometrically rough surfaces},
  journal = {The Journal of chemical physics},
  year = {2011},
  volume = {135},
  pages = {184702},
  number = {18},
  publisher = {AIP Publishing}
}

@ARTICLE{lai2015recent,
  author = {Lai, Yuekun and Huang, Jianying and Cui, Zequn and Ge, Mingzheng
	and Zhang, Ke-Qin and Chen, Zhong and Chi, Lifeng},
  title = {Recent Advances in TiO2-Based Nanostructured Surfaces with Controllable
	Wettability and Adhesion},
  journal = {Small},
  year = {2015},
  publisher = {Wiley Online Library}
}

@ARTICLE{AIC:AIC690490320,
  author = {Laouir, A. and Luo, L. and Tondeur, D. and Cachot, T. and Le Goff,
	P.},
  title = {Thermal machines based on surface energy of wetting: Thermodynamic
	analysis},
  journal = {AIChE Journal},
  year = {2003},
  volume = {49},
  pages = {764--781},
  number = {3},
  doi = {10.1002/aic.690490320},
  issn = {1547-5905},
  publisher = {Wiley Subscription Services, Inc., A Wiley Company},
  url = {http://dx.doi.org/10.1002/aic.690490320}
}

@ARTICLE{de2014reversible,
  author = {de Leon, Al and Advincula, Rigoberto C},
  title = {Reversible Superhydrophilicity and Superhydrophobicity on a Lotus-Leaf
	Pattern},
  journal = {ACS applied materials \& interfaces},
  year = {2014},
  volume = {6},
  pages = {22666--22672},
  number = {24},
  publisher = {ACS Publications}
}

@ARTICLE{li2014thermo,
  author = {Li, Jin-Jin and Zhou, Yin-Ning and Luo, Zheng-Hong},
  title = {Thermo-responsive brush copolymers with structure-tunable LCST and
	switchable surface wettability},
  journal = {Polymer},
  year = {2014},
  volume = {55},
  pages = {6552--6560},
  number = {25},
  publisher = {Elsevier}
}

@ARTICLE{liu2014bio,
  author = {Liu, Kesong and Cao, Moyuan and Fujishima, Akira and Jiang, Lei},
  title = {Bio-inspired titanium dioxide materials with special wettability
	and their applications},
  journal = {Chemical reviews},
  year = {2014},
  volume = {114},
  pages = {10044--10094},
  number = {19},
  publisher = {ACS Publications}
}

@BOOK{lyklema2005fundamentals,
  title = {Fundamentals of interface and colloid science: soft colloids},
  publisher = {Academic press},
  year = {2005},
  author = {Lyklema, Johannes},
  volume = {5}
}

@ARTICLE{maccarini2007density,
  author = {Maccarini, M and Steitz, R and Himmelhaus, M and Fick, J and Tatur,
	S and Wolff, M and Grunze, M and Janecek, J and Netz, RR},
  title = {Density depletion at solid-liquid interfaces: a neutron reflectivity
	study},
  journal = {Langmuir},
  year = {2007},
  volume = {23},
  pages = {598--608},
  number = {2},
  publisher = {ACS Publications}
}

@ARTICLE{mecke1999effective,
  author = {Mecke, KR and Dietrich, S},
  title = {Effective Hamiltonian for liquid-vapor interfaces},
  journal = {Physical Review E},
  year = {1999},
  volume = {59},
  pages = {6766},
  number = {6},
  publisher = {APS}
}

@ARTICLE{metropolis1953equation,
  author = {Metropolis, Nicholas and Rosenbluth, Arianna W and Rosenbluth, Marshall
	N and Teller, Augusta H and Teller, Edward},
  title = {Equation of state calculations by fast computing machines},
  journal = {The journal of chemical physics},
  year = {1953},
  volume = {21},
  pages = {1087--1092},
  number = {6},
  publisher = {AIP Publishing}
}

@ARTICLE{metya2014wetting,
  author = {Metya, Atanu K and Khan, Sandip and Singh, Jayant K},
  title = {Wetting Transition of the Ethanol--Water Droplet on Smooth and Textured
	Surfaces},
  journal = {The Journal of Physical Chemistry C},
  year = {2014},
  volume = {118},
  pages = {4113--4121},
  number = {8},
  publisher = {ACS Publications}
}

@ARTICLE{nakanishi1982multicriticality,
  author = {Nakanishi, Hisao and Fisher, Michael E},
  title = {Multicriticality of wetting, prewetting, and surface transitions},
  journal = {Physical Review Letters},
  year = {1982},
  volume = {49},
  pages = {1565},
  number = {21},
  publisher = {APS}
}

@MISC{neumann1974advances,
  author = {Neumann, AW and Kerfer, M},
  title = {Advances in Colloid and Interface Science},
  year = {1974},
  publisher = {Academic Press New York}
}

@ARTICLE{neumann1970temperature,
  author = {Neumann, AW and Tanner, W},
  title = {The temperature dependence of contact angles—polytetrafluoroethylene/n-decane},
  journal = {Journal of Colloid and Interface Science},
  year = {1970},
  volume = {34},
  pages = {1--8},
  number = {1},
  publisher = {Elsevier}
}

@ARTICLE{pandit1983wetting,
  author = {Pandit, Rahul and Fisher, Michael E},
  title = {Wetting transitions near bulk triple points},
  journal = {Physical review letters},
  year = {1983},
  volume = {51},
  pages = {1772},
  number = {19},
  publisher = {APS}
}

@ARTICLE{Pant2014777,
  author = {Reeta Pant and Subhash Singha and Aritra Bandyopadhyay and Krishnacharya
	Khare},
  title = {Investigation of static and dynamic wetting transitions of \{UV\}
	responsive tunable wetting surfaces },
  journal = {Applied Surface Science },
  year = {2014},
  volume = {292},
  pages = {777 - 781},
  doi = {http://dx.doi.org/10.1016/j.apsusc.2013.12.049},
  issn = {0169-4332},
  keywords = {Tunable wetting},
  url = {http://www.sciencedirect.com/science/article/pii/S0169433213023192}
}

@ARTICLE{parry2015local,
  author = {Parry, AO and Rasc{\'o}n, C and Evans, R},
  title = {The local structure factor near an interface; Beyond extended Capillary-Wave
	models},
  journal = {arXiv preprint arXiv:1510.00314},
  year = {2015}
}

@ARTICLE{poynor2006water,
  author = {Poynor, Adel{\'e} and Hong, Liang and Robinson, Ian K and Granick,
	Steve and Zhang, Zhan and Fenter, Paul A},
  title = {How water meets a hydrophobic surface},
  journal = {Physical review letters},
  year = {2006},
  volume = {97},
  pages = {266101},
  number = {26},
  publisher = {APS}
}

@ARTICLE{ramiasa2016tuning,
  author = {Ramiasa-MacGregor, M and Mierczynska, A and Sedev, R and Vasilev,
	K},
  title = {Tuning and predicting the wetting of nanoengineered material surface},
  journal = {Nanoscale},
  year = {2016},
  volume = {8},
  pages = {4635--4642},
  number = {8},
  publisher = {Royal Society of Chemistry}
}

@ARTICLE{rane2016understanding,
  author = {Rane, Kaustubh and van der Vegt, Nico FA},
  title = {Understanding the influence of capillary waves on solvation at the
	liquid-vapor interface},
  journal = {The Journal of Chemical Physics},
  year = {2016},
  volume = {144},
  pages = {114111},
  number = {11},
  publisher = {AIP Publishing}
}

@ARTICLE{rane2014understanding,
  author = {Rane, Kaustubh S and Errington, Jeffrey R},
  title = {Understanding the influence of Coulomb and dispersion interactions
	on the wetting behavior of ionic liquids},
  journal = {The Journal of chemical physics},
  year = {2014},
  volume = {141},
  pages = {174706},
  number = {17},
  publisher = {AIP Publishing}
}

@ARTICLE{rane2011monte,
  author = {Rane, Kaustubh S and Kumar, Vaibhaw and Errington, Jeffrey R},
  title = {Monte Carlo simulation methods for computing the wetting and drying
	properties of model systems},
  journal = {The Journal of chemical physics},
  year = {2011},
  volume = {135},
  pages = {234102},
  number = {23},
  publisher = {AIP Publishing}
}

@BOOK{rowlinson2013molecular,
  title = {Molecular theory of capillarity},
  publisher = {Courier Corporation},
  year = {2013},
  author = {Rowlinson, John Shipley and Widom, Benjamin}
}

@ARTICLE{doi:10.1021/acs.langmuir.5b02977,
  author = {Priyanka Sachan and Manish Kulkarni and Ashutosh Sharma},
  title = {Hierarchical Micro/Nano Structures by Combined Self-Organized Dewetting
	and Photopatterning of Photoresist Thin Films},
  journal = {Langmuir},
  year = {2015},
  volume = {31},
  pages = {12505-12511},
  number = {45},
  note = {PMID: 26488849},
  doi = {10.1021/acs.langmuir.5b02977},
  eprint = { http://dx.doi.org/10.1021/acs.langmuir.5b02977 },
  url = { http://dx.doi.org/10.1021/acs.langmuir.5b02977 
}
}

@ARTICLE{selvakumar2013vapor,
  author = {Selvakumar, N and Thaker, Amar and Barshilia, Harish C and others},
  title = {Vapor--Solid Growth of Molybdenum Oxide Nanowhiskers: Wettability
	Studies and Growth Process},
  journal = {Nanoscience and Nanotechnology letters},
  year = {2013},
  volume = {5},
  pages = {842--849},
  number = {8},
  publisher = {American Scientific Publishers}
}

@ARTICLE{singh2014characterization,
  author = {Singh, Jayant K and M{\"u}ller-Plathe, Florian},
  title = {On the characterization of crystallization and ice adhesion on smooth
	and rough surfaces using molecular dynamics},
  journal = {Applied Physics Letters},
  year = {2014},
  volume = {104},
  pages = {021603},
  number = {2},
  publisher = {AIP Publishing}
}

@ARTICLE{soltman2008inkjet,
  author = {Soltman, Dan and Subramanian, Vivek},
  title = {Inkjet-printed line morphologies and temperature control of the coffee
	ring effect},
  journal = {Langmuir},
  year = {2008},
  volume = {24},
  pages = {2224--2231},
  number = {5},
  publisher = {ACS Publications}
}

@ARTICLE{stecki1996susceptibilities,
  author = {Stecki, J and Toxvaerd, S},
  title = {Susceptibilities of liquid--vapor interface of simple liquids},
  journal = {The Journal of chemical physics},
  year = {1996},
  volume = {105},
  pages = {4191--4196},
  number = {10},
  publisher = {AIP Publishing}
}

@ARTICLE{su2015bio,
  author = {Su, Bin and Tian, Ye and Jiang, Lei},
  title = {Bio-inspired Interfaces with Super-Wettability: From Materials to
	Chemistry},
  journal = {Journal of the American Chemical Society},
  year = {2015},
  publisher = {ACS Publications}
}

@ARTICLE{sullivan1981surface,
  author = {Sullivan, DE},
  title = {Surface tension and contact angle of a liquid--solid interface},
  journal = {The Journal of Chemical Physics},
  year = {1981},
  volume = {74},
  pages = {2604--2615},
  number = {4},
  publisher = {AIP Publishing}
}

@ARTICLE{swendsen1999transition,
  author = {Swendsen, Robert H and Diggs, Brian and Wang, Jian-Sheng and Li,
	Shing-Te and Genovese, Christopher and Kadane, Joseph B},
  title = {Transition matrix Monte Carlo},
  journal = {International Journal of Modern Physics C},
  year = {1999},
  volume = {10},
  pages = {1563--1569},
  number = {08},
  publisher = {World Scientific}
}

@ARTICLE{tuteja2008robust,
  author = {Tuteja, Anish and Choi, Wonjae and Mabry, Joseph M and McKinley,
	Gareth H and Cohen, Robert E},
  title = {Robust omniphobic surfaces},
  journal = {Proceedings of the National Academy of Sciences},
  year = {2008},
  volume = {105},
  pages = {18200--18205},
  number = {47},
  publisher = {National Acad Sciences}
}

@ARTICLE{uysal2013x,
  author = {Uysal, Ahmet and Chu, Miaoqi and Stripe, Benjamin and Timalsina,
	Amod and Chattopadhyay, Sudeshna and Schlep{\"u}tz, Christian M and
	Marks, Tobin J and Dutta, Pulak},
  title = {What x rays can tell us about the interfacial profile of water near
	hydrophobic surfaces},
  journal = {Physical Review B},
  year = {2013},
  volume = {88},
  pages = {035431},
  number = {3},
  publisher = {APS}
}

@ARTICLE{wang1999studies,
  author = {Wang, Rong and Sakai, Nobuyuki and Fujishima, Akira and Watanabe,
	Toshiya and Hashimoto, Kazuhito},
  title = {Studies of surface wettability conversion on TiO2 single-crystal
	surfaces},
  journal = {The Journal of Physical Chemistry B},
  year = {1999},
  volume = {103},
  pages = {2188--2194},
  number = {12},
  publisher = {ACS Publications}
}

@ARTICLE{willard2010instantaneous,
  author = {Willard, Adam P and Chandler, David},
  title = {Instantaneous liquid interfaces},
  journal = {The Journal of Physical Chemistry B},
  year = {2010},
  volume = {114},
  pages = {1954--1958},
  number = {5},
  publisher = {ACS Publications}
}

@ARTICLE{wu2013brief,
  author = {Wu, Jun and Chen, Jing and Xia, Jun and Lei, Wei and Wang, Bao-ping},
  title = {A brief review on bioinspired ZnO superhydrophobic surfaces: theory,
	synthesis, and applications},
  journal = {Advances in Materials Science and Engineering},
  year = {2013},
  volume = {2013},
  publisher = {Hindawi Publishing Corporation}
}

@ARTICLE{xu2011conceptual,
  author = {Xu, Baoxing and Qiao, Yu and Park, Taehyo and Tak, Moonho and Zhou,
	Qulan and Chen, Xi},
  title = {A conceptual thermal actuation system driven by interface tension
	of nanofluids},
  journal = {Energy \& Environmental Science},
  year = {2011},
  volume = {4},
  pages = {3632--3639},
  number = {9},
  publisher = {Royal Society of Chemistry}
}

